<?xml version="1.0" encoding="UTF-8"?><collection xmlns="http://www.loc.gov/MARC21/slim"><record><leader>00436nam--2200121-i-4500</leader><controlfield tag="001">000032256</controlfield><controlfield tag="002">20161230</controlfield><controlfield tag="005">20161230201039</controlfield><controlfield tag="008">060222s1000------------r-----000-0-eng-d</controlfield><datafield ind1=" " ind2=" " tag="100"><subfield code="a">Mazelev, L.Ya</subfield></datafield><datafield ind1=" " ind2=" " tag="245"><subfield code="a">Borate galsses. thermochemical processes in glass formation. crystallooptics. technology. physicochemical properties and structure of glasses. trans.from russian</subfield></datafield><datafield ind1=" " ind2=" " tag="260"><subfield code="a">New York, Consultants Bureau, 1960, 159p</subfield></datafield><datafield ind1=" " ind2=" " tag="852"><subfield code="a">19089</subfield></datafield></record></collection>